<record><leader>00000cas a22000007a 4500</leader><controlfield tag="001">46956692</controlfield><controlfield tag="008">010516d19111929sduwr ne      0    0eng d</controlfield><datafield ind1=" " ind2=" " tag="010"><subfield code="a">sn2001063130</subfield></datafield><datafield ind1=" " ind2=" " tag="040"><subfield code="a">SXN</subfield><subfield code="b">eng</subfield><subfield code="c">SXN</subfield><subfield code="d">OCLCF</subfield><subfield code="d">OCLCO</subfield></datafield><datafield ind1="1" ind2=" " tag="029"><subfield code="a">AU@</subfield><subfield code="b">000022715380</subfield></datafield><datafield ind1=" " ind2=" " tag="042"><subfield code="a">msc</subfield></datafield><datafield ind1=" " ind2=" " tag="043"><subfield code="a">n-us-sd</subfield></datafield><datafield ind1="0" ind2=" " tag="130"><subfield code="a">Parker press-leader (Parker, S.D. : 1911)</subfield></datafield><datafield ind1="0" ind2="4" tag="245"><subfield code="a">The Parker press-leader.</subfield></datafield><datafield ind1=" " ind2=" " tag="260"><subfield code="a">Parker, S.D. :</subfield><subfield code="b">Estee &amp; Estee,</subfield></datafield><datafield ind1=" " ind2=" " tag="300"><subfield code="a">v.</subfield></datafield><datafield ind1=" " ind2=" " tag="310"><subfield code="a">Weekly</subfield></datafield><datafield ind1="0" ind2=" " tag="362"><subfield code="a">Vol. 28, no. 37(Jan. 19, 1911)-v. 46, no. 43(Jan. 25, 1929).</subfield></datafield><datafield ind1=" " ind2=" " tag="530"><subfield code="a">Available on microfilm from: State Archives, South Dakota State Historical Society.</subfield></datafield><datafield ind1=" " ind2="0" tag="651"><subfield code="a">Parker (S.D.)</subfield><subfield code="v">Newspapers.</subfield></datafield><datafield ind1=" " ind2="0" tag="651"><subfield code="a">Turner County (S.D.)</subfield><subfield code="v">Newspapers.</subfield></datafield><datafield ind1=" " ind2="7" tag="655"><subfield code="a">Newspapers.</subfield><subfield code="2">fast</subfield><subfield code="0">(OCoLC)fst01423814</subfield></datafield><datafield ind1=" " ind2="7" tag="651"><subfield code="a">South Dakota</subfield><subfield code="z">Parker.</subfield><subfield code="2">fast</subfield><subfield code="0">(OCoLC)fst01206213</subfield></datafield><datafield ind1=" " ind2="7" tag="651"><subfield code="a">South Dakota</subfield><subfield code="z">Turner County.</subfield><subfield code="2">fast</subfield><subfield code="0">(OCoLC)fst01215593</subfield></datafield><datafield ind1=" " ind2=" " tag="752"><subfield code="a">United States</subfield><subfield code="b">South Dakota</subfield><subfield code="c">Turner</subfield><subfield code="d">Parker.</subfield></datafield><datafield ind1="0" ind2="0" tag="780"><subfield code="t">King's Parker press-leader</subfield><subfield code="w">(DLC)sn 200161329</subfield></datafield><datafield ind1="0" ind2="0" tag="785"><subfield code="t">Turner County tribune</subfield><subfield code="w">(DLC)sn 200163124</subfield></datafield></record>